% Bibliography File
% Insert your References here!

@article{testref,
    author = {Eti, Y.},
    title = {{On the Importance of Correct Stirring}},
    journal = {{International Journal of Cookie Theory}},
    year = {2014},
    volume = {13},
    number = {1},
    pages = {1--247},
    DOI =          "http://dx.doi.org/10.1002/andp.19053221004"
}

@article{sok,
    author = {{Marcella Hastings and Brett Hemenway and Daniel Noble and Steve Zdancewic}},
    title = {{On the Importance of Correct Stirring}},
    journal = {{International Journal of Cookie Theory}},
    year = {2014},
    volume = {13},
    number = {1},
    pages = {1--247}
}

@article{soktest,
    author = "Marcella Hastings and Brett Hemenway and Daniel Noble and Steve Zdancewic",
    title = "On the Importance of Correct Stirring",
    journal = "International Journal of Cookie Theory",
    year = "2014",
    volume = "13",
    number = "1",
    pages = "1--247"
}
